@IEEEtranBSTCTL{IEEEexample:BSTcontrol,
CTLuse_forced_etal       = "yes",
CTLmax_names_forced_etal = "3",
CTLnames_show_etal       = "2"
}
@book{InfH,
address = {M\"{u}nchen -- Wien},
author = {Rechenberg, Peter and Pomberger, Gustav and Blaschek, G\"{u}nther and Bode, Arndt and Bohn, Wilhelm Friedrich and Borrmann, Lothar and Buchberger, Bruno},
edition = {4th},
publisher = {Hanser Verlag},
title = {{Informatik Handbuch}},
year = {2006}
}
@misc{APCW2006,
note = {letzter Zugriff am 23.05.2021},
author = {{Association for Progressive Communications}},
title = {{Wireless technology is irreplaceable for providing access in remote and scarcely populated regions}},
url = {http://www.apc.org/en/news/strategic/world/wireless-technology-irreplaceable-providing-access},
year = {2006}
}
@misc{framweokrs,
  author       = {},
  note         = {JavaScript frameworks are developing at an extremely fast pace, meaning that today we have frequently updated versions of Angular, React.js, and another player on this market - Vue.js. Let’s have a look at the demand represented in Google Trends for the last 5 years. The blue, red, and yellow lines represent Angular, React, and Vue.js respectively.},
  howpublished = {article},
  title        = {React vs Angular vs Vue.js — What Is the Best Choice in 2020?},
  url          = {https://www.techmagic.co/blog/reactjs-vs-angular-vs-vuejs-what-to-choose-in-2020/},
  year         = {2021}
}
@misc{angular1,
  author       = {Simon Eichenberger},
  note         = {Angular wird oft in einem Atemzug mit React oder Vue.js genannt. Das Google-Framework wird gerne für komplexe Webapps, Progressive Webapps oder Single-Page-Applikationen eingesetzt. Mit seinen Stärken und Schwächen starten wir eine Serie über typische Probleme und -Lösungen im UI Development mit Angular .},
  howpublished = {article},
  title        = {Webapps mit Angular entwickeln},
  url          = {https://zeix.com/durchdacht/2019/11/12/webapps-mit-angular-entwickeln/},
  year         = {2020}
}
@misc{angular2,
  author       = {Sascha Thattil},
  note         = {Was ist dieses Framework? Das Framework wurde von Misko Hevery im Jahr 2009 begründet. Die anfängliche Idee war es, Webdesigner dabei zu unterstützen, ein wenig mehr HTML in deren Code unterzubringen, so dass auch kleine statische Seiten, mehr Funktionalitäten bedienen können. Zum Beispiel eine kleine Pizzaladen-Website, welches ein Pizza-Bestellsystem über einfache HTML Tags einfügen kann.},
  howpublished = {article},
  title        = {Vorteile und Nachteile von AngularJS},
  url          = {https://www.yuhiro.de/vorteile-und-nachteile-von-angularjs/},
  year         = {2016}
}
@misc{angular3,
  author       = {Robin Böhm},
  note         = {Dieses Tutorial erklärt euch die Grundlagen des Frameworks Angular. Wir behandeln hierbei Angular in der Version 2 und höher. Bewusst wird hierbei aber die Versionsnummer weggelassen, da das Framework nun semantische Versionierung benutzt. Kurz gesagt: Es ist einfach Angular.},
  howpublished = {article},
  title        = {Angular-Tutorial für Einsteiger},
  url          = {https://angular.de/artikel/angular-tutorial-deutsch/},
  year         = {2020}
}
@misc{angular4,
  author       = {},
  note         = {The core of the Angular framework architecture is Angular Component. Angular Component is the building block of every Angular application. Every angular application is made up of one more Angular Component. It is basically a plain JavaScript / Typescript class along with a HTML template and an associated name.},
  howpublished = {article},
  title        = {Angular 8 - Architecture},
  url          = {https://www.tutorialspoint.com/angular8/angular8_architecture.htm},
  year         = {}
}
@misc{typescript1,
  author       = {},
  note         = {You have probably already heard that TypeScript is a “flavor” or “variant” of JavaScript. The relationship between TypeScript (TS) and JavaScript (JS) is rather unique among modern programming languages, so learning more about this relationship will help you understand how TypeScript adds to JavaScript.},
  howpublished = {article},
  title        = {TypeScript for the New Programmer},
  url          = {https://www.typescriptlang.org/docs/handbook/typescript-from-scratch.html},
  year         = {2022}
}
@misc{typescript2,
  author       = {Bishal Kumar Dubey},
  note         = {When JavaScript was developed, the JavaScript development team introduced JavaScript as a client-side programming language. But as people were using JavaScript, developers also realized that JavaScript could be used as a server-side programming language. However, as JavaScript was growing, JavaScript code became complex and heavy. Because of this, JavaScript wasn’t even able to fulfill the requirement of an Object-Oriented Programming language. This prevented JavaScript from succeeding at the enterprise level as a server-side technology. So TypeScript was created by the development team to bridge this gap. },
  howpublished = {article},
  title        = {Difference between TypeScript and JavaScript},
  url          = {https://www.geeksforgeeks.org/difference-between-typescript-and-javascript/},
  year         = {2022}
}
@misc{vs,
  author       = {},
  note         = {Visual Studio Code is a lightweight but powerful source code editor which runs on your desktop and is available for Windows, macOS and Linux. It comes with built-in support for JavaScript, TypeScript and Node.js and has a rich ecosystem of extensions for other languages (such as C++, Csharp, Java, Python, PHP, Go) and runtimes (such as .NET and Unity). Begin your journey with VS Code with these introductory videos.},
  howpublished = {article},
  title        = {Visual Studio Code},
  url          = {https://code.visualstudio.com/docs},
  year         = {}
}